@misc{data,
author = {Walsh, J. E. and W. L. Chapman and F. Fetterer},
title = {Gridded Monthly Sea Ice Extent and Concentration, 1850 Onward, Version 1.1},
year = {2015},
howpublished = {Boulder, Colorado USA. NSIDC: National Snow and Ice Data Center},
note = {doi: http://dx.doi.org/10.7265/N5833PZ5},
annote = {Boulder, Colorado USA}
}

@article{cps,
author = {{Matteson}, D.~S. and {James}, N.~A.},
title = "{A Nonparametric Approach for Multiple Change Point Analysis of Multivariate Data}",
journal = {ArXiv e-prints},
archivePrefix = "arXiv",
eprint = {1306.4933},
primaryClass = "stat.ME",
keywords = {Statistics - Methodology},
year = 2013,
month = jun,
adsurl = {http://adsabs.harvard.edu/abs/2013arXiv1306.4933M},
adsnote = {Provided by the SAO/NASA Astrophysics Data System}
}

@article{zhang,
author = { Xiangdong  Zhang  and  John E.  Walsh },
title = {Toward a Seasonally Ice-Covered Arctic Ocean: Scenarios from the IPCC AR4 Model Simulations},
journal = {Journal of Climate},
volume = {19},
number = {9},
pages = {1730-1747},
year = {2006},
doi = {10.1175/JCLI3767.1},
URL = {https://doi.org/10.1175/JCLI3767.1},
eprint = {https://doi.org/10.1175/JCLI3767.1}
}

@article{pithan,
author = {Pithan, Felix and Mauritsen, Thorsten},
title = {Arctic amplification dominated by temperature feedbacks in contemporary climate models},
journal = {Nature Geosci},
year = {2014},
volume = {7},
number = {3},
pages = {181-184},
month = {mar},
doi = {10.1038/ngeo2071},
url = {http://dx.doi.org/10.1038/ngeo2071}
}

@article {overland,
author = {Overland, J. E. and Wang, M.},
title = {The Arctic climate paradox: The recent decrease of the Arctic Oscillation},
journal = {Geophysical Research Letters},
volume = {32},
number = {6},
issn = {1944-8007},
url = {http://dx.doi.org/10.1029/2004GL021752},
doi = {10.1029/2004GL021752},
pages = {n/a--n/a},
keywords = {Climate variability, Polar meteorology, Arctic region},
year = {2005},
note = {L06701}
}

@article {newchurch,
author = {Newchurch, M. J. and Yang, Eun-Su and Cunnold, D. M. and Reinsel, Gregory C. and Zawodny, J. M. and Russell, James M.},
title = {Evidence for slowdown in stratospheric ozone loss: First stage of ozone recovery},
journal = {Journal of Geophysical Research: Atmospheres},
volume = {108},
number = {D16},
issn = {2156-2202},
url = {http://dx.doi.org/10.1029/2003JD003471},
doi = {10.1029/2003JD003471},
pages = {n/a--n/a},
keywords = {Middle atmosphere: composition and chemistry, Middle atmosphere: constituent transport and chemistry, Atmosphere, stratospheric ozone trends, CFCs, Montreal Protocol},
year = {2003},
note = {4507}
}


